@book{arpack,
	author = {Lehoucq, R. and Sorensen, D. and Yang, C.},
	title = {{ARPACK} Users' Guide},
	publisher = {Society for Industrial and Applied Mathematics},
	year = {1998},
}

@inproceedings {flashgraph,
	author = {Da Zheng and Disa Mhembere and Randal Burns and Joshua Vogelstein and Carey E. Priebe and Alexander S. Szalay},
	title = {{FlashGraph}: Processing Billion-Node Graphs on an Array of Commodity {SSDs}},
	booktitle = {13th USENIX Conference on File and Storage Technologies (FAST 15)},
	year = {2015},
}

@article {anasazi,
	author = {Arbenz, Peter and Hetmaniuk, Ulrich L. and Lehoucq, Richard B. and Tuminaro, Raymond S.},
	title = {A comparison of eigensolvers for large-scale {3D} modal analysis using {AMG}-preconditioned iterative methods},
	journal = {International Journal for Numerical Methods in Engineering},
	year = {2005},
}

@INPROCEEDINGS{Zhou12,
	author={Zheng Zhou and Saule, E. and Aktulga, H.M. and Chao Yang and Ng, E.G. and Maris, P. and Vary, J.P. and Catalyurek, U.V.}, 
	booktitle={Cluster Computing (CLUSTER), 2012 IEEE International Conference on}, 
	title={An Out-of-Core Eigensolver on {SSD}-equipped Clusters}, 
	year={2012}, 
}

@inproceedings{Aktulga14,
 author = {Aktulga, Hasan Metin and Bulu\c{c}, Aydin and Williams, Samuel and Yang, Chao},
 title = {Optimizing Sparse Matrix-Multiple Vectors Multiplication for Nuclear Configuration Interaction Calculations},
 booktitle = {Proceedings of the 2014 IEEE 28th International Parallel and Distributed Processing Symposium},
 year = {2014},
}

@inproceedings{Boman2013,
 author = {Boman, Erik G. and Devine, Karen D. and Rajamanickam, Sivasankaran},
 title = {Scalable Matrix Computations on Large Scale-free Graphs Using {2D} Graph Partitioning},
 booktitle = {Proceedings of the International Conference on High Performance Computing, Networking, Storage and Analysis},
 year = {2013},
}

@inproceedings{Yoo11,
 author = {Yoo, Andy and Baker, Allison H. and Pearce, Roger and Van Emden Henson},
 title = {A Scalable Eigensolver for Large Scale-free Graphs Using {2D} Graph Partitioning},
 booktitle = {Proceedings of 2011 International Conference for High Performance Computing, Networking, Storage and Analysis},
 year = {2011},
}

@inproceedings{Kang11,
 author = {Kang, U. and Meeder, Brendan and Faloutsos, Christos},
 title = {Spectral Analysis for Billion-scale Graphs: Discoveries and Implementation},
 booktitle = {Proceedings of the 15th Pacific-Asia Conference on Advances in Knowledge Discovery and Data Mining - Volume Part II},
 year = {2011},
}

@inproceedings{Williams07,
	author = {Williams, Samuel and Oliker, Leonid and Vuduc, Richard and Shalf, John and Yelick, Katherine and Demmel, James},
	title = {Optimization of Sparse Matrix-vector Multiplication on Emerging Multicore Platforms},
	booktitle = {Proceedings of the 2007 ACM/IEEE Conference on Supercomputing},
	year = {2007},
}

@incollection{Ng01,
	title = {On Spectral Clustering: Analysis and an algorithm},
	author = {Andrew Y. Ng and Michael I. Jordan and Weiss, Yair},
	booktitle = {Advances in Neural Information Processing Systems 14},
	year = {2002},
}

@article {Sussman12,
	author = {Daniel L. Sussman and Minh Tang and Donniell E. Fishkind and Carey E. Priebe},
	title = {A Consistent Adjacency Spectral Embedding for Stochastic Blockmodel Graphs},
	journal = {Journal of the American Statistical Association},
	year = {2012},
}

@INPROCEEDINGS{Tsourakakis08,
	author={Tsourakakis, C.E.}, 
	booktitle={Data Mining, 2008. ICDM '08. Eighth IEEE International Conference on}, 
	title={Fast Counting of Triangles in Large Real Networks without Counting: Algorithms and Laws}, 
	year={2008}, 
}

@article{krylovschur,
	author = {G. W. Stewart},
	title = {A {KrylovSchur} Algorithm for Large Eigenproblems},
	journal = {SIAM Journal on Matrix Analysis and Applications},
	year = {2002},
}

@article{Arbenz05,
	author = {Arbenz, Peter and Hetmaniuk, Ulrich L. and Lehoucq, Richard B. and Tuminaro, Raymond S.},
	title = {A comparison of eigensolvers for large-scale {3D} modal analysis using {AMG}-preconditioned iterative methods},
	journal = {International Journal for Numerical Methods in Engineering},
	year = {2005},
}

@inproceedings{Pan99,
	author = {Pan, Victor Y. and Chen, Zhao Q.},
	title = {The Complexity of the Matrix Eigenproblem},
	booktitle = {Proceedings of the Thirty-first Annual ACM Symposium on Theory of Computing},
	year = {1999},
} 

@article{Lanczos,
	author = {Cornelius Lanczos},
	title = {An iteration method for the solution of the eigenvalue problem of linear differential and integral operators},
	journal = {Journal of Research of the National Bureau of Standards},
	year = {1950},
}

@article{slepc,
 author = {Hernandez, Vicente and Roman, Jose E. and Vidal, Vicente},
 title = {{SLEPc}: A Scalable and Flexible Toolkit for the Solution of Eigenvalue Problems},
 journal = {ACM Trans. Math. Softw.},
 year = {2005},
} 

@INPROCEEDINGS{sem,
	author = {James Abello and Adam L. Buchsbaum and Jeffery R. Westbrook},
	title = {A Functional Approach to External Graph Algorithms},
	booktitle = {Algorithmica},
	year = {1998},
	publisher = {Springer-Verlag}
}

@inproceedings{mapreduce,
	author = {Dean, Jeffrey and Ghemawat, Sanjay},
	title = {{MapReduce}: Simplified Data Processing on Large Clusters},
	booktitle = {Proceedings of the 6th Conference on Symposium on Opearting Systems Design \& Implementation - Volume 6},
	year = {2004},
} 

@techreport{IRAM,
	author = {Sorensen, Danny C.},
	title = {Implicitly Restarted {ARNOLDI/LANCZOS} Methods For Large scale Eigenvalue Calculations},
	year = {1996},
	publisher = {Institute for Computer Applications in Science and Engineering (ICASE)},
} 

@article{trilinos,
	author = {Heroux, Michael A. and Bartlett, Roscoe A. and Howle, Vicki E. and Hoekstra, Robert J. and Hu, Jonathan J. and Kolda, Tamara G. and Lehoucq, Richard B. and Long, Kevin R. and Pawlowski, Roger P. and Phipps, Eric T. and Salinger, Andrew G. and Thornquist, Heidi K. and Tuminaro, Ray S. and Willenbring, James M. and Williams, Alan and Stanley, Kendall S.},
	title = {An Overview of the {Trilinos} Project},
	journal = {ACM Trans. Math. Softw.},
	year = {2005},
} 

@inproceedings{safs,
	author = {Da Zheng and Randal Burns and Alexander S. Szalay},
	title = {Toward Millions of File System {IOPS} on Low-Cost, Commodity Hardware},
	booktitle = {Proceedings of the International Conference on High Performance Computing, Networking, Storage and Analysis},
	year = {2013},
} 

@article{Im04,
	author = {Im, Eun-Jin and Yelick, Katherine and Vuduc, Richard},
	title = {Sparsity: Optimization Framework for Sparse Matrix Kernels},
	journal = {Int. J. High Perform. Comput. Appl.},
	year = {2004},
} 
@article{Ching12,
	year={2012},
	journal={International Journal of Parallel Programming},
	volume={40},
	number={5},
	title={Automatic Parallelization of Array-oriented Programs for a Multi-core Machine},
	author={Ching, Wai-Mee and Zheng, Da},
	pages={514-531},
}

@inproceedings{friendster,
	author = {Yang, Jaewon and Leskovec, Jure},
	title = {Defining and Evaluating Network Communities Based on Ground-truth},
	booktitle = {Proceedings of the ACM SIGKDD Workshop on Mining Data Semantics},
	year = {2012},
}

@inproceedings{twitter,
	author = {Kwak, Haewoon and Lee, Changhyun and Park, Hosung and Moon, Sue},
	title = {What is Twitter, a Social Network or a News Media?},
	booktitle = {Proceedings of the 19th International Conference on World Wide Web},
	year = {2010},
} 

@misc{web_graph,
	key={web_graph},
	title={Web graph},
	howpublished={\url{http://webdatacommons.org/hyperlinkgraph/}},
	year={Accessed 4/18/2014},
}

@ARTICLE{IRLM,
	author = {D. Calvetti and L. Reichel and D. C. Sorensen},
	title = {An Implicitly Restarted Lanczos Method for Large Symmetric. . .},
	journal = {ETNA},
	year = {1994},
	volume = {2},
	pages = {1--21}
}

@BOOK{lapack,
	AUTHOR = {Anderson, E. and Bai, Z. and Bischof, C. and
		Blackford, S. and Demmel, J. and Dongarra, J. and
			Du Croz, J. and Greenbaum, A. and Hammarling, S. and
			McKenney, A. and Sorensen, D.},
	TITLE = {{LAPACK} Users' Guide},
	EDITION = {Third},
	PUBLISHER = {Society for Industrial and Applied Mathematics},
	YEAR = {1999},
	ADDRESS = {Philadelphia, PA},
}

@article{leskovec,
	ajournal = "Internet Math.",
	author = "Leskovec, Jure and Lang, Kevin J. and Dasgupta, Anirban and Mahoney, Michael W.",
	journal = "Internet Mathematics",
	number = "1",
	pages = "29--123",
	title = "Community Structure in Large Networks: Natural Cluster Sizes and the Absence of Large Well-Defined Clusters",
	volume = "6",
	year = "2009"
}

@misc{ocz,
	key={ocz},
	title={{OCZ Intrepid 3000}},
	howpublished={\url{http://ocz.com/enterprise/intrepid-3000-sata-ssd}},
	year={Accessed 11/5/2015},
}

@inproceedings {Tang15,
	author = {Linpeng Tang and Qi Huang and Wyatt Lloyd and Sanjeev Kumar and Kai Li},
	title = {{RIPQ}: Advanced Photo Caching on Flash for {Facebook}},
	booktitle = {13th USENIX Conference on File and Storage Technologies (FAST 15)},
	year = {2015},
	month = Feb,
}

